%% This BibTeX bibliography file was created using BibDesk.
%% http://bibdesk.sourceforge.net/


%% Created for Nacho at 2011-04-01 11:38:44 +0200 


%% Saved with string encoding Unicode (UTF-8) 


@misc{ARP:RaspberryPi:2017,
	Note = {Teach, Learn, and Make with Raspberry Pi.},
	Howpublished = {\url{https://www.raspberrypi.org}},
	Title = {Raspberry Pi}}

@misc{ARP:Adafruit:2017,
	Note = {Cdn-shop.adafruit.com. N. p., 2017. Web.},
	Howpublished = {\url{https://cdn-shop.adafruit.com}},
	Title = {Adafruit}}

@misc{ARP:Apogee:2017,
	Note = {Apogeeinstruments.co.uk. N. p., 2017. Web.},
	Howpublished = {\url{https://www.apogeeinstruments.co.uk/content/SP-212-215-manual.pdf}},
	Title = {Apogee instruments}}

@misc{ARP:Scikit:2017,
	Note = {"Scikit-Learn: Machine Learning In Python — Scikit-Learn 0.18.1 Documentation". Scikit-learn.org. N. p., 2017. Web.},
	Howpublished = {\url{www.scikit-learn.org}},
	Title = {Scikit-learn}}

@misc{ARP:Numpy:2017,
	Note = {"Numpy — Numpy". Numpy.org. N. p., 2017. Web.},
	Howpublished = {\url{http://www.numpy.org}},
	Title = {NumPy}}

@misc{ARP:Paho:2017,
	Note = {"Eclipse.org/paho". Eclipse.org. N. p., 2017. Web.},
	Howpublished = {\url{http://www.eclipse.org/paho}},
	Title = {Paho}}

@misc{ARP:Python:2017,
	Note = {"Welcome To Python.Org". Python.org. N. p., 2017. Web.},
	Howpublished = {\url{http://www.python.org}},
	Title = {Python}}

@misc{ARP:Wiring:2017,
	Note = {"Wiringpi". Wiringpi.com. N. p., 2017. Web.},
	Howpublished = {\url{http://www.wiringpi.com}},
	Title = {Wiring Pi}}

@misc{ARP:Codacy:2017,
	Note = {"Automated Code Reviews and Code Analytics. Codacy". Codacy.com. N. p., 2017. Web.},
	Howpublished = {\url{http://www.codacy.com}},
	Title = {Codacy}}